
@book{keener,
  author =	 {Keener, R.},
  publisher =	 {Springer},
  address =	 {New York, NY},
  title =	 {Theoretical Statistics: Topics for a Core Course},
  year =	 2010
}
	
@book{bickel:doksum,
  author =	 {Bickel, Peter J. and Doksum, Kjell A.},
  edition =	 2,
  publisher =	 {Pearson},
  address =	 {Upper Saddle River, NJ},
  title =	 {Mathematical Statistics: Basic Ideas and Selected
                  Topics},
  volume =	 1,
  year =	 2006
}

@inproceedings{pollard,
  title={Empirical Processes: Theory and Applications},
  author={Pollard, David},
  booktitle={NSF-CBMS regional conference series in probability and statistics},
  year={1990}
}

